<?xml version="1.0" encoding="UTF-8"?><collection xmlns="http://www.loc.gov/MARC21/slim"><record><leader>00472nam--2200121-i-4500</leader><controlfield tag="001">000007748</controlfield><controlfield tag="002">20161230</controlfield><controlfield tag="005">20161230201027</controlfield><controlfield tag="008">060222s1000------------r-----000-0-eng-d</controlfield><datafield ind1=" " ind2=" " tag="245"><subfield code="a">Automatic and remote control. proceedings of t he 2nd congress of the international federatio n of automatic control (i.f.a.c.), basle, swit zerland, 1963: vol.1: theory</subfield></datafield><datafield ind1=" " ind2=" " tag="260"><subfield code="a">London, Butterworts, 1964</subfield></datafield><datafield ind1=" " ind2=" " tag="490"><subfield code="a">Xli + 695 P</subfield></datafield><datafield ind1=" " ind2=" " tag="700"><subfield code="a">Broida, Victor., Barlow, Derek H.And Schafer, Otto</subfield></datafield></record></collection>